@article{babic2020survey,
  title={Survey of neural text representation models},
  author={Babi{\'c}, Karlo and Martin{\v{c}}i{\'c}-Ip{\v{s}}i{\'c}, Sanda and Me{\v{s}}trovi{\'c}, Ana},
  journal={Information},
  volume={11},
  number={11},
  pages={511},
  year={2020},
  publisher={Multidisciplinary Digital Publishing Institute}
}
@inproceedings{pennington2014glove,
  title={Glove: Global vectors for word representation},
  author={Pennington, Jeffrey and Socher, Richard and Manning, Christopher D},
  booktitle={Proceedings of the 2014 conference on empirical methods in natural language processing (EMNLP)},
  pages={1532--1543},
  year={2014}
}
@article{almeida2019word,
  title={Word embeddings: A survey},
  author={Almeida, Felipe and Xex{\'e}o, Geraldo},
  journal={arXiv preprint arXiv:1901.09069},
  year={2019}
}
@article{chen2013alternative,
  title={An alternative text representation to tf-idf and bag-of-words},
  author={Chen, Minmin and Weinberger, Kilian Q and Sha, Fei and others},
  journal={arXiv preprint arXiv:1301.6770},
  year={2013}
}
@article{mikolov2013efficient,
  title={Efficient estimation of word representations in vector space},
  author={Mikolov, Tomas and Chen, Kai and Corrado, Greg and Dean, Jeffrey},
  journal={arXiv preprint arXiv:1301.3781},
  year={2013}
}
@inproceedings{jiang2020defense,
  title={In defense of grid features for visual question answering},
  author={Jiang, Huaizu and Misra, Ishan and Rohrbach, Marcus and Learned-Miller, Erik and Chen, Xinlei},
  booktitle={Proceedings of the IEEE/CVF Conference on Computer Vision and Pattern Recognition},
  pages={10267--10276},
  year={2020}
}
@article{jaderberg2015spatial,
  title={Spatial transformer networks},
  author={Jaderberg, Max and Simonyan, Karen and Zisserman, Andrew and others},
  journal={Advances in neural information processing systems},
  volume={28},
  year={2015}
}
@inproceedings{he2017mask,
  title={Mask r-cnn},
  author={He, Kaiming and Gkioxari, Georgia and Doll{\'a}r, Piotr and Girshick, Ross},
  booktitle={Proceedings of the IEEE international conference on computer vision},
  pages={2961--2969},
  year={2017}
}
@article{ranzato2015sequence,
  title={Sequence level training with recurrent neural networks},
  author={Ranzato, Marc'Aurelio and Chopra, Sumit and Auli, Michael and Zaremba, Wojciech},
  journal={arXiv preprint arXiv:1511.06732},
  year={2015}
}
@inproceedings{girshick2015fast,
  title={Fast r-cnn},
  author={Girshick, Ross},
  booktitle={Proceedings of the IEEE international conference on computer vision},
  pages={1440--1448},
  year={2015}
}
@inproceedings{girshick2014rich,
  title={Rich feature hierarchies for accurate object detection and semantic segmentation},
  author={Girshick, Ross and Donahue, Jeff and Darrell, Trevor and Malik, Jitendra},
  booktitle={Proceedings of the IEEE conference on computer vision and pattern recognition},
  pages={580--587},
  year={2014}
}
@article{ren2015faster,
  title={Faster r-cnn: Towards real-time object detection with region proposal networks},
  author={Ren, Shaoqing and He, Kaiming and Girshick, Ross and Sun, Jian},
  journal={Advances in neural information processing systems},
  volume={28},
  year={2015}
}
@inproceedings{he2016deep,
  title={Deep residual learning for image recognition},
  author={He, Kaiming and Zhang, Xiangyu and Ren, Shaoqing and Sun, Jian},
  booktitle={Proceedings of the IEEE conference on computer vision and pattern recognition},
  pages={770--778},
  year={2016}
}
@article{wang2020minivlm,
  title={Minivlm: A smaller and faster vision-language model},
  author={Wang, Jianfeng and Hu, Xiaowei and Zhang, Pengchuan and Li, Xiujun and Wang, Lijuan and Zhang, Lei and Gao, Jianfeng and Liu, Zicheng},
  journal={arXiv preprint arXiv:2012.06946},
  year={2020}
}
@inproceedings{fang2021compressing,
  title={Compressing visual-linguistic model via knowledge distillation},
  author={Fang, Zhiyuan and Wang, Jianfeng and Hu, Xiaowei and Wang, Lijuan and Yang, Yezhou and Liu, Zicheng},
  booktitle={Proceedings of the IEEE/CVF International Conference on Computer Vision},
  pages={1428--1438},
  year={2021}
}
@article{ghiasi2020simple,
  title={Simple Copy-Paste is a Strong Data Augmentation Method for Instance Segmentation},
  author={Ghiasi, Golnaz and Cui, Yin and Srinivas, Aravind and Qian, Rui and Lin, Tsung-Yi and Cubuk, Ekin D and Le, Quoc V and Zoph, Barret},
  journal={arXiv preprint arXiv:2012.07177},
  year={2020}
}
@inproceedings{gupta2019lvis,
  title={LVIS: A dataset for large vocabulary instance segmentation},
  author={Gupta, Agrim and Dollar, Piotr and Girshick, Ross},
  booktitle={Proceedings of the IEEE/CVF conference on computer vision and pattern recognition},
  pages={5356--5364},
  year={2019}
}
@inproceedings{carion2020end,
  title={End-to-end object detection with transformers},
  author={Carion, Nicolas and Massa, Francisco and Synnaeve, Gabriel and Usunier, Nicolas and Kirillov, Alexander and Zagoruyko, Sergey},
  booktitle={European conference on computer vision},
  pages={213--229},
  year={2020},
  organization={Springer}
}
@inproceedings{li2020oscar,
  title={Oscar: Object-semantics aligned pre-training for vision-language tasks},
  author={Li, Xiujun and Yin, Xi and Li, Chunyuan and Zhang, Pengchuan and Hu, Xiaowei and Zhang, Lei and Wang, Lijuan and Hu, Houdong and Dong, Li and Wei, Furu and others},
  booktitle={European Conference on Computer Vision},
  pages={121--137},
  year={2020},
  organization={Springer}
}
@inproceedings{kirillov2019panoptic,
  title={Panoptic segmentation},
  author={Kirillov, Alexander and He, Kaiming and Girshick, Ross and Rother, Carsten and Doll{\'a}r, Piotr},
  booktitle={Proceedings of the IEEE/CVF Conference on Computer Vision and Pattern Recognition},
  pages={9404--9413},
  year={2019}
}
@inproceedings{zhang2021vinvl,
  title={Vinvl: Revisiting visual representations in vision-language models},
  author={Zhang, Pengchuan and Li, Xiujun and Hu, Xiaowei and Yang, Jianwei and Zhang, Lei and Wang, Lijuan and Choi, Yejin and Gao, Jianfeng},
  booktitle={Proceedings of the IEEE/CVF Conference on Computer Vision and Pattern Recognition},
  pages={5579--5588},
  year={2021}
}
@inproceedings{shao2019objects365,
  title={Objects365: A large-scale, high-quality dataset for object detection},
  author={Shao, Shuai and Li, Zeming and Zhang, Tianyuan and Peng, Chao and Yu, Gang and Zhang, Xiangyu and Li, Jing and Sun, Jian},
  booktitle={Proceedings of the IEEE/CVF international conference on computer vision},
  pages={8430--8439},
  year={2019}
}
@article{kuznetsova2020open,
  title={The open images dataset v4},
  author={Kuznetsova, Alina and Rom, Hassan and Alldrin, Neil and Uijlings, Jasper and Krasin, Ivan and Pont-Tuset, Jordi and Kamali, Shahab and Popov, Stefan and Malloci, Matteo and Kolesnikov, Alexander and others},
  journal={International Journal of Computer Vision},
  volume={128},
  number={7},
  pages={1956--1981},
  year={2020},
  publisher={Springer}
}
@article{hodosh2013framing,
  title={Framing image description as a ranking task: Data, models and evaluation metrics},
  author={Hodosh, Micah and Young, Peter and Hockenmaier, Julia},
  journal={Journal of Artificial Intelligence Research},
  volume={47},
  pages={853--899},
  year={2013}
}
@article{young2014image,
  title={From image descriptions to visual denotations: New similarity metrics for semantic inference over event descriptions},
  author={Young, Peter and Lai, Alice and Hodosh, Micah and Hockenmaier, Julia},
  journal={Transactions of the Association for Computational Linguistics},
  volume={2},
  pages={67--78},
  year={2014},
  publisher={MIT Press}
}
@inproceedings{lin2014microsoft,
  title={Microsoft coco: Common objects in context},
  author={Lin, Tsung-Yi and Maire, Michael and Belongie, Serge and Hays, James and Perona, Pietro and Ramanan, Deva and Doll{\'a}r, Piotr and Zitnick, C Lawrence},
  booktitle={European conference on computer vision},
  pages={740--755},
  year={2014},
  organization={Springer}
}
@inproceedings{zhou2017scene,
  title={Scene parsing through ade20k dataset},
  author={Zhou, Bolei and Zhao, Hang and Puig, Xavier and Fidler, Sanja and Barriuso, Adela and Torralba, Antonio},
  booktitle={Proceedings of the IEEE conference on computer vision and pattern recognition},
  pages={633--641},
  year={2017}
}
@article{OpenImages,
  author = {Alina Kuznetsova and Hassan Rom and Neil Alldrin and Jasper Uijlings and Ivan Krasin and Jordi Pont-Tuset and Shahab Kamali and Stefan Popov and Matteo Malloci and Alexander Kolesnikov and Tom Duerig and Vittorio Ferrari},
  title = {The Open Images Dataset V4: Unified image classification, object detection, and visual relationship detection at scale},
  year = {2020},
  journal = {IJCV}
}
@inproceedings{hu2018learning,
  title={Learning to Segment Every Thing},
  author={Hu, Ronghang and Doll√°r, Piotr and He, Kaiming and Darrell, Trevor and Girshick, Ross},
  booktitle={Proceedings of the IEEE Conference on Computer Vision and Pattern Recognition},
  year={2018}
}
@inproceedings{anderson2016spice,
  title={Spice: Semantic propositional image caption evaluation},
  author={Anderson, Peter and Fernando, Basura and Johnson, Mark and Gould, Stephen},
  booktitle={European conference on computer vision},
  pages={382--398},
  year={2016},
  organization={Springer}
}
@inproceedings{vedantam2015cider,
  title={Cider: Consensus-based image description evaluation},
  author={Vedantam, Ramakrishna and Lawrence Zitnick, C and Parikh, Devi},
  booktitle={Proceedings of the IEEE conference on computer vision and pattern recognition},
  pages={4566--4575},
  year={2015}
}
@inproceedings{banerjee2005meteor,
  title={METEOR: An automatic metric for MT evaluation with improved correlation with human judgments},
  author={Banerjee, Satanjeev and Lavie, Alon},
  booktitle={Proceedings of the acl workshop on intrinsic and extrinsic evaluation measures for machine translation and/or summarization},
  pages={65--72},
  year={2005}
}
@inproceedings{papineni2002bleu,
  title={Bleu: a method for automatic evaluation of machine translation},
  author={Papineni, Kishore and Roukos, Salim and Ward, Todd and Zhu, Wei-Jing},
  booktitle={Proceedings of the 40th annual meeting of the Association for Computational Linguistics},
  pages={311--318},
  year={2002}
}
@article{socher2014grounded,
  title={Grounded compositional semantics for finding and describing images with sentences},
  author={Socher, Richard and Karpathy, Andrej and Le, Quoc V and Manning, Christopher D and Ng, Andrew Y},
  journal={Transactions of the Association for Computational Linguistics},
  volume={2},
  pages={207--218},
  year={2014},
  publisher={MIT Press}
}
@article{devlin2015language,
  title={Language models for image captioning: The quirks and what works},
  author={Devlin, Jacob and Cheng, Hao and Fang, Hao and Gupta, Saurabh and Deng, Li and He, Xiaodong and Zweig, Geoffrey and Mitchell, Margaret},
  journal={arXiv preprint arXiv:1505.01809},
  year={2015}
}
@inproceedings{gupta2012choosing,
  title={Choosing linguistics over vision to describe images},
  author={Gupta, Ankush and Verma, Yashaswi and Jawahar, C},
  booktitle={Proceedings of the AAAI Conference on Artificial Intelligence},
  volume={26},
  number={1},
  year={2012}
}
@inproceedings{li2019entangled,
  title={Entangled transformer for image captioning},
  author={Li, Guang and Zhu, Linchao and Liu, Ping and Yang, Yi},
  booktitle={Proceedings of the IEEE/CVF International Conference on Computer Vision},
  pages={8928--8937},
  year={2019}
}
@inproceedings{yao2018exploring,
  title={Exploring visual relationship for image captioning},
  author={Yao, Ting and Pan, Yingwei and Li, Yehao and Mei, Tao},
  booktitle={Proceedings of the European conference on computer vision (ECCV)},
  pages={684--699},
  year={2018}
}
@inproceedings{wang2020visual,
  title={Visual commonsense r-cnn},
  author={Wang, Tan and Huang, Jianqiang and Zhang, Hanwang and Sun, Qianru},
  booktitle={Proceedings of the IEEE/CVF Conference on Computer Vision and Pattern Recognition},
  pages={10760--10770},
  year={2020}
}
@book{koehn2009statistical,
  title={Statistical machine translation},
  author={Koehn, Philipp},
  year={2009},
  publisher={Cambridge University Press}
}
@inproceedings{rennie2017self,
  title={Self-critical sequence training for image captioning},
  author={Rennie, Steven J and Marcheret, Etienne and Mroueh, Youssef and Ross, Jerret and Goel, Vaibhava},
  booktitle={Proceedings of the IEEE conference on computer vision and pattern recognition},
  pages={7008--7024},
  year={2017}
}
@inproceedings{hudson2019gqa,
  title={Gqa: A new dataset for real-world visual reasoning and compositional question answering},
  author={Hudson, Drew A and Manning, Christopher D},
  booktitle={Proceedings of the IEEE/CVF conference on computer vision and pattern recognition},
  pages={6700--6709},
  year={2019}
}
@article{ordonez2011im2text,
  title={Im2text: Describing images using 1 million captioned photographs},
  author={Ordonez, Vicente and Kulkarni, Girish and Berg, Tamara},
  journal={Advances in neural information processing systems},
  volume={24},
  year={2011}
}
@inproceedings{sharma2018conceptual,
  title={Conceptual captions: A cleaned, hypernymed, image alt-text dataset for automatic image captioning},
  author={Sharma, Piyush and Ding, Nan and Goodman, Sebastian and Soricut, Radu},
  booktitle={Proceedings of the 56th Annual Meeting of the Association for Computational Linguistics (Volume 1: Long Papers)},
  pages={2556--2565},
  year={2018}
}
@article{wu2016google,
  title={Google's neural machine translation system: Bridging the gap between human and machine translation},
  author={Wu, Yonghui and Schuster, Mike and Chen, Zhifeng and Le, Quoc V and Norouzi, Mohammad and Macherey, Wolfgang and Krikun, Maxim and Cao, Yuan and Gao, Qin and Macherey, Klaus and others},
  journal={arXiv preprint arXiv:1609.08144},
  year={2016}
}
@article{devlin2018bert,
  title={Bert: Pre-training of deep bidirectional transformers for language understanding},
  author={Devlin, Jacob and Chang, Ming-Wei and Lee, Kenton and Toutanova, Kristina},
  journal={arXiv preprint arXiv:1810.04805},
  year={2018}
}
@inproceedings{li2020unicoder,
  title={Unicoder-vl: A universal encoder for vision and language by cross-modal pre-training},
  author={Li, Gen and Duan, Nan and Fang, Yuejian and Gong, Ming and Jiang, Daxin},
  booktitle={Proceedings of the AAAI Conference on Artificial Intelligence},
  volume={34},
  number={07},
  pages={11336--11344},
  year={2020}
}
@article{li2019visualbert,
  title={Visualbert: A simple and performant baseline for vision and language},
  author={Li, Liunian Harold and Yatskar, Mark and Yin, Da and Hsieh, Cho-Jui and Chang, Kai-Wei},
  journal={arXiv preprint arXiv:1908.03557},
  year={2019}
}
@inproceedings{zhou2020unified,
  title={Unified vision-language pre-training for image captioning and vqa},
  author={Zhou, Luowei and Palangi, Hamid and Zhang, Lei and Hu, Houdong and Corso, Jason and Gao, Jianfeng},
  booktitle={Proceedings of the AAAI Conference on Artificial Intelligence},
  volume={34},
  number={07},
  pages={13041--13049},
  year={2020}
}
@article{krishna2017visual,
  title={Visual genome: Connecting language and vision using crowdsourced dense image annotations},
  author={Krishna, Ranjay and Zhu, Yuke and Groth, Oliver and Johnson, Justin and Hata, Kenji and Kravitz, Joshua and Chen, Stephanie and Kalantidis, Yannis and Li, Li-Jia and Shamma, David A and others},
  journal={International journal of computer vision},
  volume={123},
  number={1},
  pages={32--73},
  year={2017},
  publisher={Springer}
}
@inproceedings{goyal2017making,
  title={Making the v in vqa matter: Elevating the role of image understanding in visual question answering},
  author={Goyal, Yash and Khot, Tejas and Summers-Stay, Douglas and Batra, Dhruv and Parikh, Devi},
  booktitle={Proceedings of the IEEE conference on computer vision and pattern recognition},
  pages={6904--6913},
  year={2017}
}
@inproceedings{anderson2018bottom,
  title={Bottom-up and top-down attention for image captioning and visual question answering},
  author={Anderson, Peter and He, Xiaodong and Buehler, Chris and Teney, Damien and Johnson, Mark and Gould, Stephen and Zhang, Lei},
  booktitle={Proceedings of the IEEE conference on computer vision and pattern recognition},
  pages={6077--6086},
  year={2018}
}
@article{liu2021cptr,
  title={Cptr: Full transformer network for image captioning},
  author={Liu, Wei and Chen, Sihan and Guo, Longteng and Zhu, Xinxin and Liu, Jing},
  journal={arXiv preprint arXiv:2101.10804},
  year={2021}
}
@inproceedings{xu2015show,
  title={Show, attend and tell: Neural image caption generation with visual attention},
  author={Xu, Kelvin and Ba, Jimmy and Kiros, Ryan and Cho, Kyunghyun and Courville, Aaron and Salakhudinov, Ruslan and Zemel, Rich and Bengio, Yoshua},
  booktitle={International conference on machine learning},
  pages={2048--2057},
  year={2015},
  organization={PMLR}
}
@inproceedings{you2016image,
  title={Image captioning with semantic attention},
  author={You, Quanzeng and Jin, Hailin and Wang, Zhaowen and Fang, Chen and Luo, Jiebo},
  booktitle={Proceedings of the IEEE conference on computer vision and pattern recognition},
  pages={4651--4659},
  year={2016}
}
@inproceedings{karpathy2015deep,
  title={Deep visual-semantic alignments for generating image descriptions},
  author={Karpathy, Andrej and Fei-Fei, Li},
  booktitle={Proceedings of the IEEE conference on computer vision and pattern recognition},
  pages={3128--3137},
  year={2015}
}
@article{anderson2016guided,
  title={Guided open vocabulary image captioning with constrained beam search},
  author={Anderson, Peter and Fernando, Basura and Johnson, Mark and Gould, Stephen},
  journal={arXiv preprint arXiv:1612.00576},
  year={2016}
}
@article{stefanini2021show,
  title={From show to tell: A survey on image captioning},
  author={Stefanini, Matteo and Cornia, Marcella and Baraldi, Lorenzo and Cascianelli, Silvia and Fiameni, Giuseppe and Cucchiara, Rita},
  journal={arXiv preprint arXiv:2107.06912},
  year={2021}
}
@inproceedings{vaswani2017attention,
  title={Attention is all you need},
  author={Vaswani, Ashish and Shazeer, Noam and Parmar, Niki and Uszkoreit, Jakob and Jones, Llion and Gomez, Aidan N and Kaiser, {\L}ukasz and Polosukhin, Illia},
  booktitle={Advances in neural information processing systems},
  pages={5998--6008},
  year={2017}
}
@article{bahdanau2014neural,
  title={Neural machine translation by jointly learning to align and translate},
  author={Bahdanau, Dzmitry and Cho, Kyunghyun and Bengio, Yoshua},
  journal={arXiv preprint arXiv:1409.0473},
  year={2014}
}
@article{bernardi2016automatic,
  title={Automatic description generation from images: A survey of models, datasets, and evaluation measures},
  author={Bernardi, Raffaella and Cakici, Ruket and Elliott, Desmond and Erdem, Aykut and Erdem, Erkut and Ikizler-Cinbis, Nazli and Keller, Frank and Muscat, Adrian and Plank, Barbara},
  journal={Journal of Artificial Intelligence Research},
  volume={55},
  pages={409--442},
  year={2016}
}